<?xml version="1.0" encoding="UTF-8"?><collection xmlns="http://www.loc.gov/MARC21/slim"><record><leader>00583nam--2200181-i-4500</leader><controlfield tag="001">000001507</controlfield><controlfield tag="002">20161230</controlfield><controlfield tag="005">20161230201024</controlfield><controlfield tag="008">060222s1000------------r-----000-0-fre-d</controlfield><datafield ind1=" " ind2=" " tag="040"><subfield code="a">IFIN-HH</subfield></datafield><datafield ind1=" " ind2=" " tag="041"><subfield code="a">fre</subfield></datafield><datafield ind1=" " ind2=" " tag="080"><subfield code="a">537.226.86(043)</subfield></datafield><datafield ind1="1" ind2=" " tag="100"><subfield code="a">Ettinger, Henry</subfield></datafield><datafield ind1="1" ind2="0" tag="245"><subfield code="a">Un modele macroscopique de la resistance de kapitze.analyze d un modele d echos de polarisation pour une poudre piezoelectrique</subfield><subfield code="b">These</subfield><subfield code="c">Henry ettinger</subfield></datafield><datafield ind1=" " ind2=" " tag="260"><subfield code="a">Grenoble</subfield><subfield code="b">Universite Scientifique Et Medicale</subfield><subfield code="c">1979</subfield></datafield><datafield ind1=" " ind2=" " tag="300"><subfield code="a">118 P</subfield></datafield><datafield ind1=" " ind2=" " tag="852"><subfield code="a">49758</subfield><subfield code="c">537.226</subfield></datafield><datafield ind1=" " ind2=" " tag="CAT"><subfield code="a">Sys</subfield><subfield code="c">20110706</subfield><subfield code="h">164512</subfield></datafield></record></collection>